<record><leader>00000cas a2200000 a 4500</leader><controlfield tag="001">11102216</controlfield><controlfield tag="008">840829d18881913ksuwr ne      0   a0eng d</controlfield><datafield ind1=" " ind2=" " tag="010"><subfield code="a">sn 84029375 </subfield></datafield><datafield ind1=" " ind2=" " tag="040"><subfield code="a">KSH</subfield><subfield code="b">eng</subfield><subfield code="c">KSH</subfield><subfield code="d">NPT</subfield><subfield code="d">OCL</subfield><subfield code="d">OCLCQ</subfield></datafield><datafield ind1=" " ind2=" " tag="042"><subfield code="a">msc</subfield></datafield><datafield ind1="0" ind2="4" tag="245"><subfield code="a">The Dickinson County news.</subfield></datafield><datafield ind1=" " ind2=" " tag="260"><subfield code="a">Abilene, Kan. :</subfield><subfield code="b">Strother Bros.,</subfield><subfield code="c">-1913.</subfield></datafield><datafield ind1=" " ind2=" " tag="300"><subfield code="a">v. :</subfield><subfield code="b">ill. ;</subfield><subfield code="c">56-64 cm.</subfield></datafield><datafield ind1=" " ind2=" " tag="310"><subfield code="a">Weekly</subfield></datafield><datafield ind1="0" ind2=" " tag="362"><subfield code="a">-25th year, no. 20 (Jan. 9, 1913).</subfield></datafield><datafield ind1="1" ind2=" " tag="362"><subfield code="a">Began in 1888.</subfield></datafield><datafield ind1=" " ind2=" " tag="500"><subfield code="a">Publisher varies.</subfield></datafield><datafield ind1=" " ind2=" " tag="500"><subfield code="a">"Democratic."</subfield></datafield><datafield ind1=" " ind2=" " tag="515"><subfield code="a">Numbering changed from a volume designation to "twenty-fourth year" plus weekly numbering designation with Apr. 11, 1912 issue; Vol. 3, no. 1 (Sept. 11, 1890) misnumbered v. 2, no. 1.</subfield></datafield><datafield ind1=" " ind2=" " tag="530"><subfield code="a">Available on microfilm from Micro Photo.</subfield></datafield><datafield ind1=" " ind2=" " tag="588"><subfield code="a">Description based on: Vol. 1, no. 11 (Nov. 22, 1888).</subfield></datafield><datafield ind1=" " ind2=" " tag="752"><subfield code="a">United States</subfield><subfield code="b">Kansas</subfield><subfield code="c">Dickinson</subfield><subfield code="d">Abilene.</subfield></datafield><datafield ind1="0" ind2="7" tag="785"><subfield code="t">Abilene democrat</subfield><subfield code="w">(DLC)sn 84029370</subfield></datafield><datafield ind1="0" ind2="7" tag="785"><subfield code="t">Dickinson County news and the Abilene democrat</subfield><subfield code="w">(DLC)sn 84029376</subfield></datafield></record>